@inproceedings{djoko2019nexus,
  title={NEXUS: Practical and Secure Access Control on Untrusted Storage Platforms using Client-side SGX},
  author={Djoko, Judicael B and Lange, Jack and Lee, Adam J},
  booktitle={2019 49th Annual IEEE/IFIP International Conference on Dependable Systems and Networks (DSN)},
  pages={401--413},
  year={2019},
  organization={IEEE}
}

%%%%%%%%%%%%%%%%%%%%%%%%%%%%  TEE  %%%%%%%%%%%%%%%%%%%%%%%%%%%%
@article{Sabt2015TrustedEE,
  title={Trusted Execution Environment: What It is, and What It is Not},
  author={Mohamed Sabt and Mohammed Achemlal and Abdelmadjid Bouabdallah},
  journal={2015 IEEE Trustcom/BigDataSE/ISPA},
  year={2015},
  volume={1},
  pages={57-64}
}

@inproceedings{dam2013formal,
  title={Formal verification of information flow security for a simple ARM-based separation kernel},
  author={Dam, Mads and Guanciale, Roberto and Khakpour, Narges and Nemati, Hamed and Schwarz, Oliver},
  booktitle={Proceedings of the 2013 ACM SIGSAC conference on Computer \& communications security},
  pages={223--234},
  year={2013}
}


%%%%%%%%%%%%%%%%%%%%%%%%%%%%  TEE Applications  %%%%%%%%%%%%%%%%%%%%%%%%%%%%
@inproceedings{arnautov2016scone,
  title={$\{$SCONE$\}$: Secure Linux Containers with Intel $\{$SGX$\}$},
  author={Arnautov, Sergei and Trach, Bohdan and Gregor, Franz and Knauth, Thomas and Martin, Andre and Priebe, Christian and Lind, Joshua and Muthukumaran, Divya and O'keeffe, Dan and Stillwell, Mark L and others},
  booktitle={12th $\{$USENIX$\}$ Symposium on Operating Systems Design and Implementation ($\{$OSDI$\}$ 16)},
  pages={689--703},
  year={2016}
}

@inproceedings{guan2017trustshadow,
  title={Trustshadow: Secure execution of unmodified applications with arm trustzone},
  author={Guan, Le and Liu, Peng and Xing, Xinyu and Ge, Xinyang and Zhang, Shengzhi and Yu, Meng and Jaeger, Trent},
  booktitle={Proceedings of the 15th Annual International Conference on Mobile Systems, Applications, and Services},
  pages={488--501},
  year={2017}
}

@article{baumann2015shielding,
  title={Shielding applications from an untrusted cloud with haven},
  author={Baumann, Andrew and Peinado, Marcus and Hunt, Galen},
  journal={ACM Transactions on Computer Systems (TOCS)},
  volume={33},
  number={3},
  pages={1--26},
  year={2015},
  publisher={ACM New York, NY, USA}
}

@inproceedings{krahn2018pesos,
  title={Pesos: Policy enhanced secure object store},
  author={Krahn, Robert and Trach, Bohdan and Vahldiek-Oberwagner, Anjo and Knauth, Thomas and Bhatotia, Pramod and Fetzer, Christof},
  booktitle={Proceedings of the Thirteenth EuroSys Conference},
  pages={1--17},
  year={2018}
}

@inproceedings{goh2003sirius,
  title={SiRiUS: Securing Remote Untrusted Storage.},
  author={Goh, Eu-Jin and Shacham, Hovav and Modadugu, Nagendra and Boneh, Dan},
  booktitle={NDSS},
  volume={3},
  pages={131--145},
  year={2003}
}

@inproceedings{jain2016opensgx,
  title={OpenSGX: An Open Platform for SGX Research.},
  author={Jain, Prerit and Desai, Soham Jayesh and Shih, Ming-Wei and Kim, Taesoo and Kim, Seong Min and Lee, Jae-Hyuk and Choi, Changho and Shin, Youjung and Kang, Brent Byunghoon and Han, Dongsu},
  booktitle={NDSS},
  year={2016}
}


%%%%%%%%%%%%%%%%%%%%%%%%%%%%  ARM TrustZone  %%%%%%%%%%%%%%%%%%%%%%%%%%%%
@inproceedings{ngabonziza2016trustzone,
  title={Trustzone explained: Architectural features and use cases},
  author={Ngabonziza, Bernard and Martin, Daniel and Bailey, Anna and Cho, Haehyun and Martin, Sarah},
  booktitle={2016 IEEE 2nd International Conference on Collaboration and Internet Computing (CIC)},
  pages={445--451},
  year={2016},
  organization={IEEE}
}

@inproceedings{jang2015secret,
  title={SeCReT: Secure Channel between Rich Execution Environment and Trusted Execution Environment.},
  author={Jang, Jin Soo and Kong, Sunjune and Kim, Minsu and Kim, Daegyeong and Kang, Brent Byunghoon},
  booktitle={NDSS},
  year={2015}
}

@inproceedings{ekberg2013trusted,
  title={Trusted execution environments on mobile devices},
  author={Ekberg, Jan-Erik and Kostiainen, Kari and Asokan, N},
  booktitle={Proceedings of the 2013 ACM SIGSAC conference on Computer \& communications security},
  pages={1497--1498},
  year={2013}
}


%%%%%%%%%%%%%%%%%%%%%%%%%%%%  TrustZone VS SGX  %%%%%%%%%%%%%%%%%%%%%%%%%%%%
@misc{trustzoneVSsgx,
  author="{Selvaraj Surenthar (Intel)}",
  title="Comparison between ARM TrustZone and Intel SGX Enclaves",
  year="2017",
  url="https://ens.dk/service/fremskrivninger-analyser-modeller/teknologikataloger",
  note="[Online; accessed 20-May-2020]"
}


%%%%%%%%%%%%%%%%%%%%%%%%%%%%  GDPR Law  %%%%%%%%%%%%%%%%%%%%%%%%%%%%
@misc{GDPRrecordsentries,
  author="{European Data Protection Supervisor}",
  title="GDPR Records Register",
  year="2018",
  url="https://edps.europa.eu/about/data-protection-within-edps/records-register_en",
  note="[Online; accessed 20-April-2020]"
}

@misc{GDPRprocessingrecords,
  author="{European Data Protection Supervisor}",
  title="GDPR Records of processing activities",
  year="2018",
  url="https://gdpr-info.eu/art-30-gdpr/",
  note="[Online; accessed 20-April-2020]"
}


%%%%%%%%%%%%%%%%%%%%%%%%%%%%  STRIDE  %%%%%%%%%%%%%%%%%%%%%%%%%%%%
@misc{wiki:stride,
  author="{Wikipedia contributors}",
  title="STRIDE (security) --- {Wikipedia}{,} The Free Encyclopedia",
  year="2020",
  url="https://en.wikipedia.org/w/index.php?title=STRIDE_(security)",
  note="[Online; accessed 24-May-2020]"
}

@misc{STRIDErelevant,
  author="{Kevin Poniatowski}",
  title="Is the STRIDE Approach Still Relevant for Threat Modeling ?",
  year="2018",
  url="https://dzone.com/articles/is-the-stride-approach-still-relevant-for-threat-m",
  note="[Online; accessed 24-May-2020]"
}


%%%%%%%%%%%%%%%%%%%%%%%%%%%%  INTEL SGX  %%%%%%%%%%%%%%%%%%%%%%%%%%%%
@misc{SGXdevguide,
  author="{Intel SGX}",
  title="SGX Developer Guide",
  year="2018",
  url="https://software.intel.com/content/www/us/en/develop/documentation/sgx-developer-guide/top.html",
  note="[Online; accessed 10-Mars-2020]"
}

@misc{sgxinternal,
  author="{Alexandre Adamski}",
  title="Overview of Intel SGX - Part 1, SGX Internals",
  year="2018",
  url="https://blog.quarkslab.com/overview-of-intel-sgx-part-1-sgx-internals.html",
  note="[Online; accessed 10-Mars-2020]"
}

@misc{sgxattestationAPI,
  author="{Intel SGX}",
  title="SGX API Specification",
  year="2018",
  url="https://api.trustedservices.intel.com/documents/sgx-attestation-api-spec.pdf",
  note="[Online; accessed 10-May-2020]"
}

@misc{sgxBlackHatOverview,
  author="{JP Aumasson, Luis Merino}",
  title="SGX API Specification",
  url="https://www.blackhat.com/docs/us-16/materials/us-16-Aumasson-SGX-Secure-Enclaves-In-Practice-Security-And-Crypto-Review.pdf",
  note="[Online; accessed 10-May-2020]"
}


%%%%%%%%%%%%%%%%%%%%%%%%%%%%  STRIDE  %%%%%%%%%%%%%%%%%%%%%%%%%%%%

@misc{fuseExamples,
  author="{libfuse}",
  title="FUSE Filesystem example",
  url="https://github.com/libfuse/libfuse/wiki/Filesystems",
  note="[Online; accessed 10-May-2020]"
}
